%YAML 1.1
%TAG !u! tag:unity3d.com,2011:
--- !u!1 &100690
GameObject:
  m_ObjectHideFlags: 1
  m_PrefabParentObject: {fileID: 0}
  m_PrefabInternal: {fileID: 100100000}
  serializedVersion: 4
  m_Component:
  - 4: {fileID: 431862}
  m_Layer: 0
  m_Name: joint11
  m_TagString: Untagged
  m_Icon: {fileID: 0}
  m_NavMeshLayer: 0
  m_StaticEditorFlags: 0
  m_IsActive: 1
--- !u!1 &109096
GameObject:
  m_ObjectHideFlags: 0
  m_PrefabParentObject: {fileID: 0}
  m_PrefabInternal: {fileID: 100100000}
  serializedVersion: 4
  m_Component:
  - 4: {fileID: 491730}
  - 137: {fileID: 13752088}
  m_Layer: 0
  m_Name: Mus:Mesh
  m_TagString: Untagged
  m_Icon: {fileID: 0}
  m_NavMeshLayer: 0
  m_StaticEditorFlags: 0
  m_IsActive: 1
--- !u!1 &114766
GameObject:
  m_ObjectHideFlags: 1
  m_PrefabParentObject: {fileID: 0}
  m_PrefabInternal: {fileID: 100100000}
  serializedVersion: 4
  m_Component:
  - 4: {fileID: 464682}
  m_Layer: 0
  m_Name: joint6
  m_TagString: Untagged
  m_Icon: {fileID: 0}
  m_NavMeshLayer: 0
  m_StaticEditorFlags: 0
  m_IsActive: 1
--- !u!1 &118990
GameObject:
  m_ObjectHideFlags: 1
  m_PrefabParentObject: {fileID: 0}
  m_PrefabInternal: {fileID: 100100000}
  serializedVersion: 4
  m_Component:
  - 4: {fileID: 449382}
  m_Layer: 0
  m_Name: joint4
  m_TagString: Untagged
  m_Icon: {fileID: 0}
  m_NavMeshLayer: 0
  m_StaticEditorFlags: 0
  m_IsActive: 1
--- !u!1 &132228
GameObject:
  m_ObjectHideFlags: 1
  m_PrefabParentObject: {fileID: 0}
  m_PrefabInternal: {fileID: 100100000}
  serializedVersion: 4
  m_Component:
  - 4: {fileID: 433228}
  m_Layer: 0
  m_Name: joint3
  m_TagString: Untagged
  m_Icon: {fileID: 0}
  m_NavMeshLayer: 0
  m_StaticEditorFlags: 0
  m_IsActive: 1
--- !u!1 &132794
GameObject:
  m_ObjectHideFlags: 1
  m_PrefabParentObject: {fileID: 0}
  m_PrefabInternal: {fileID: 100100000}
  serializedVersion: 4
  m_Component:
  - 4: {fileID: 436540}
  m_Layer: 0
  m_Name: joint2
  m_TagString: Untagged
  m_Icon: {fileID: 0}
  m_NavMeshLayer: 0
  m_StaticEditorFlags: 0
  m_IsActive: 1
--- !u!1 &145568
GameObject:
  m_ObjectHideFlags: 1
  m_PrefabParentObject: {fileID: 0}
  m_PrefabInternal: {fileID: 100100000}
  serializedVersion: 4
  m_Component:
  - 4: {fileID: 455154}
  m_Layer: 0
  m_Name: joint5
  m_TagString: Untagged
  m_Icon: {fileID: 0}
  m_NavMeshLayer: 0
  m_StaticEditorFlags: 0
  m_IsActive: 1
--- !u!1 &148336
GameObject:
  m_ObjectHideFlags: 0
  m_PrefabParentObject: {fileID: 0}
  m_PrefabInternal: {fileID: 100100000}
  serializedVersion: 4
  m_Component:
  - 4: {fileID: 435310}
  m_Layer: 0
  m_Name: joint1
  m_TagString: Untagged
  m_Icon: {fileID: 0}
  m_NavMeshLayer: 0
  m_StaticEditorFlags: 0
  m_IsActive: 1
--- !u!1 &159468
GameObject:
  m_ObjectHideFlags: 1
  m_PrefabParentObject: {fileID: 0}
  m_PrefabInternal: {fileID: 100100000}
  serializedVersion: 4
  m_Component:
  - 4: {fileID: 465754}
  m_Layer: 0
  m_Name: joint8 1
  m_TagString: Untagged
  m_Icon: {fileID: 0}
  m_NavMeshLayer: 0
  m_StaticEditorFlags: 0
  m_IsActive: 1
--- !u!1 &163616
GameObject:
  m_ObjectHideFlags: 1
  m_PrefabParentObject: {fileID: 0}
  m_PrefabInternal: {fileID: 100100000}
  serializedVersion: 4
  m_Component:
  - 4: {fileID: 409944}
  m_Layer: 0
  m_Name: joint17
  m_TagString: Untagged
  m_Icon: {fileID: 0}
  m_NavMeshLayer: 0
  m_StaticEditorFlags: 0
  m_IsActive: 1
--- !u!1 &170244
GameObject:
  m_ObjectHideFlags: 1
  m_PrefabParentObject: {fileID: 0}
  m_PrefabInternal: {fileID: 100100000}
  serializedVersion: 4
  m_Component:
  - 4: {fileID: 473758}
  m_Layer: 0
  m_Name: joint7
  m_TagString: Untagged
  m_Icon: {fileID: 0}
  m_NavMeshLayer: 0
  m_StaticEditorFlags: 0
  m_IsActive: 1
--- !u!1 &173696
GameObject:
  m_ObjectHideFlags: 1
  m_PrefabParentObject: {fileID: 0}
  m_PrefabInternal: {fileID: 100100000}
  serializedVersion: 4
  m_Component:
  - 4: {fileID: 435984}
  m_Layer: 0
  m_Name: joint5 1
  m_TagString: Untagged
  m_Icon: {fileID: 0}
  m_NavMeshLayer: 0
  m_StaticEditorFlags: 0
  m_IsActive: 1
--- !u!1 &187366
GameObject:
  m_ObjectHideFlags: 0
  m_PrefabParentObject: {fileID: 0}
  m_PrefabInternal: {fileID: 100100000}
  serializedVersion: 4
  m_Component:
  - 4: {fileID: 444002}
  - 95: {fileID: 9510070}
  m_Layer: 0
  m_Name: Bird_Sitting
  m_TagString: Untagged
  m_Icon: {fileID: 0}
  m_NavMeshLayer: 0
  m_StaticEditorFlags: 0
  m_IsActive: 1
--- !u!1 &189752
GameObject:
  m_ObjectHideFlags: 1
  m_PrefabParentObject: {fileID: 0}
  m_PrefabInternal: {fileID: 100100000}
  serializedVersion: 4
  m_Component:
  - 4: {fileID: 460392}
  m_Layer: 0
  m_Name: joint8
  m_TagString: Untagged
  m_Icon: {fileID: 0}
  m_NavMeshLayer: 0
  m_StaticEditorFlags: 0
  m_IsActive: 1
--- !u!4 &409944
Transform:
  m_ObjectHideFlags: 1
  m_PrefabParentObject: {fileID: 0}
  m_PrefabInternal: {fileID: 100100000}
  m_GameObject: {fileID: 163616}
  m_LocalRotation: {x: -0.41238838, y: 0.7266442, z: 0.4707892, w: -0.28333998}
  m_LocalPosition: {x: 0.028139723, y: -0.00000030103791, z: -0.07607753}
  m_LocalScale: {x: 1, y: 1, z: 1}
  m_Children:
  - {fileID: 455154}
  m_Father: {fileID: 435310}
  m_RootOrder: 3
--- !u!4 &431862
Transform:
  m_ObjectHideFlags: 1
  m_PrefabParentObject: {fileID: 0}
  m_PrefabInternal: {fileID: 100100000}
  m_GameObject: {fileID: 100690}
  m_LocalRotation: {x: 0.8468283, y: -0.5131219, z: -0.00727696, w: 0.13976751}
  m_LocalPosition: {x: -0.043783274, y: -0.050071634, z: -0.035174556}
  m_LocalScale: {x: 1, y: 1, z: 1}
  m_Children:
  - {fileID: 460392}
  m_Father: {fileID: 436540}
  m_RootOrder: 2
--- !u!4 &433228
Transform:
  m_ObjectHideFlags: 1
  m_PrefabParentObject: {fileID: 0}
  m_PrefabInternal: {fileID: 100100000}
  m_GameObject: {fileID: 132228}
  m_LocalRotation: {x: 0.71198183, y: 0.045167662, z: 0.69933796, w: 0.044365585}
  m_LocalPosition: {x: -0.024962313, y: -0.027886609, z: 9.2807706e-17}
  m_LocalScale: {x: 1, y: 1, z: 1}
  m_Children: []
  m_Father: {fileID: 436540}
  m_RootOrder: 0
--- !u!4 &435310
Transform:
  m_ObjectHideFlags: 1
  m_PrefabParentObject: {fileID: 0}
  m_PrefabInternal: {fileID: 100100000}
  m_GameObject: {fileID: 148336}
  m_LocalRotation: {x: -0.38081956, y: -0.59062845, z: 0.38552085, w: 0.5979199}
  m_LocalPosition: {x: -0.00091835385, y: 0.27983528, z: 0.025602888}
  m_LocalScale: {x: 1, y: 1, z: 0.99999994}
  m_Children:
  - {fileID: 436540}
  - {fileID: 449382}
  - {fileID: 464682}
  - {fileID: 409944}
  m_Father: {fileID: 444002}
  m_RootOrder: 0
--- !u!4 &435984
Transform:
  m_ObjectHideFlags: 1
  m_PrefabParentObject: {fileID: 0}
  m_PrefabInternal: {fileID: 100100000}
  m_GameObject: {fileID: 173696}
  m_LocalRotation: {x: -0.122926675, y: 0.8913758, z: -0.26553687, w: 0.34616244}
  m_LocalPosition: {x: -0.1412273, y: 0, z: -0.02362094}
  m_LocalScale: {x: 1, y: 1, z: 1}
  m_Children: []
  m_Father: {fileID: 449382}
  m_RootOrder: 0
--- !u!4 &436540
Transform:
  m_ObjectHideFlags: 1
  m_PrefabParentObject: {fileID: 0}
  m_PrefabInternal: {fileID: 100100000}
  m_GameObject: {fileID: 132794}
  m_LocalRotation: {x: 0.0049448316, y: -0.014259712, z: -0.32759258, w: 0.9446986}
  m_LocalPosition: {x: -0.07942933, y: 0.008847722, z: 0.00024066077}
  m_LocalScale: {x: 1, y: 1, z: 1}
  m_Children:
  - {fileID: 433228}
  - {fileID: 473758}
  - {fileID: 431862}
  m_Father: {fileID: 435310}
  m_RootOrder: 0
--- !u!4 &444002
Transform:
  m_ObjectHideFlags: 1
  m_PrefabParentObject: {fileID: 0}
  m_PrefabInternal: {fileID: 100100000}
  m_GameObject: {fileID: 187366}
  m_LocalRotation: {x: 0, y: 0, z: 0, w: 1}
  m_LocalPosition: {x: 3.7139645, y: -0.024890423, z: 10.133268}
  m_LocalScale: {x: 1, y: 1, z: 1}
  m_Children:
  - {fileID: 435310}
  - {fileID: 491730}
  m_Father: {fileID: 0}
  m_RootOrder: 0
--- !u!4 &449382
Transform:
  m_ObjectHideFlags: 1
  m_PrefabParentObject: {fileID: 0}
  m_PrefabInternal: {fileID: 100100000}
  m_GameObject: {fileID: 118990}
  m_LocalRotation: {x: 0.72311324, y: 0.4065812, z: 0.29223382, w: 0.47581336}
  m_LocalPosition: {x: 0.026264641, y: 0, z: 0.07674504}
  m_LocalScale: {x: 1, y: 1, z: 1}
  m_Children:
  - {fileID: 435984}
  m_Father: {fileID: 435310}
  m_RootOrder: 1
--- !u!4 &455154
Transform:
  m_ObjectHideFlags: 1
  m_PrefabParentObject: {fileID: 0}
  m_PrefabInternal: {fileID: 100100000}
  m_GameObject: {fileID: 145568}
  m_LocalRotation: {x: -0.122926675, y: 0.8913758, z: -0.26553687, w: 0.34616244}
  m_LocalPosition: {x: 0.14122759, y: 3.5527136e-17, z: 0.023620974}
  m_LocalScale: {x: 1, y: 1, z: 1}
  m_Children: []
  m_Father: {fileID: 409944}
  m_RootOrder: 0
--- !u!4 &460392
Transform:
  m_ObjectHideFlags: 1
  m_PrefabParentObject: {fileID: 0}
  m_PrefabInternal: {fileID: 100100000}
  m_GameObject: {fileID: 189752}
  m_LocalRotation: {x: 0.3251623, y: 0.9111209, z: 0.24686466, w: 0.056445833}
  m_LocalPosition: {x: 0.038117953, y: -0.001475389, z: 0.01689809}
  m_LocalScale: {x: 1, y: 1, z: 1}
  m_Children: []
  m_Father: {fileID: 431862}
  m_RootOrder: 0
--- !u!4 &464682
Transform:
  m_ObjectHideFlags: 1
  m_PrefabParentObject: {fileID: 0}
  m_PrefabInternal: {fileID: 100100000}
  m_GameObject: {fileID: 114766}
  m_LocalRotation: {x: -0.004672463, y: -0.003003049, z: -0.10128827, w: 0.99484164}
  m_LocalPosition: {x: 0.11644164, y: -0.034565024, z: 0.0026948387}
  m_LocalScale: {x: 1, y: 1, z: 1}
  m_Children: []
  m_Father: {fileID: 435310}
  m_RootOrder: 2
--- !u!4 &465754
Transform:
  m_ObjectHideFlags: 1
  m_PrefabParentObject: {fileID: 0}
  m_PrefabInternal: {fileID: 100100000}
  m_GameObject: {fileID: 159468}
  m_LocalRotation: {x: 0.3251623, y: 0.9111209, z: 0.24686466, w: 0.056445833}
  m_LocalPosition: {x: -0.03812582, y: 0.002521139, z: -0.0168056}
  m_LocalScale: {x: 1, y: 1, z: 1}
  m_Children: []
  m_Father: {fileID: 473758}
  m_RootOrder: 0
--- !u!4 &473758
Transform:
  m_ObjectHideFlags: 1
  m_PrefabParentObject: {fileID: 0}
  m_PrefabInternal: {fileID: 100100000}
  m_GameObject: {fileID: 170244}
  m_LocalRotation: {x: 0.50902605, y: 0.85073775, z: 0.13060383, w: -0.008969229}
  m_LocalPosition: {x: -0.042494606, y: -0.050071504, z: 0.036720626}
  m_LocalScale: {x: 1, y: 1, z: 1}
  m_Children:
  - {fileID: 465754}
  m_Father: {fileID: 436540}
  m_RootOrder: 1
--- !u!4 &491730
Transform:
  m_ObjectHideFlags: 1
  m_PrefabParentObject: {fileID: 0}
  m_PrefabInternal: {fileID: 100100000}
  m_GameObject: {fileID: 109096}
  m_LocalRotation: {x: 0, y: 0, z: 0, w: 1}
  m_LocalPosition: {x: 0, y: 0.2368785, z: 0}
  m_LocalScale: {x: 1, y: 1, z: 1}
  m_Children: []
  m_Father: {fileID: 444002}
  m_RootOrder: 1
--- !u!95 &9510070
Animator:
  serializedVersion: 3
  m_ObjectHideFlags: 1
  m_PrefabParentObject: {fileID: 0}
  m_PrefabInternal: {fileID: 100100000}
  m_GameObject: {fileID: 187366}
  m_Enabled: 1
  m_Avatar: {fileID: 9000000, guid: ff5bb9aade0358949aa9df2c720f4a74, type: 3}
  m_Controller: {fileID: 9100000, guid: 83c9705dcbe00ce4a8776b8bda5aeb95, type: 2}
  m_CullingMode: 1
  m_UpdateMode: 0
  m_ApplyRootMotion: 0
  m_LinearVelocityBlending: 0
  m_WarningMessage: 
  m_HasTransformHierarchy: 1
  m_AllowConstantClipSamplingOptimization: 1
--- !u!137 &13752088
SkinnedMeshRenderer:
  m_ObjectHideFlags: 1
  m_PrefabParentObject: {fileID: 0}
  m_PrefabInternal: {fileID: 100100000}
  m_GameObject: {fileID: 109096}
  m_Enabled: 1
  m_CastShadows: 1
  m_ReceiveShadows: 1
  m_Materials:
  - {fileID: 2100000, guid: 98b1d968ec2023d49b395e2117564bf8, type: 2}
  m_SubsetIndices: 
  m_StaticBatchRoot: {fileID: 0}
  m_UseLightProbes: 1
  m_ReflectionProbeUsage: 1
  m_ProbeAnchor: {fileID: 0}
  m_ScaleInLightmap: 1
  m_PreserveUVs: 0
  m_IgnoreNormalsForChartDetection: 0
  m_ImportantGI: 0
  m_MinimumChartSize: 4
  m_AutoUVMaxDistance: 0.5
  m_AutoUVMaxAngle: 89
  m_LightmapParameters: {fileID: 0}
  m_SortingLayerID: 0
  m_SortingOrder: 0
  serializedVersion: 2
  m_Quality: 0
  m_UpdateWhenOffscreen: 0
  m_Mesh: {fileID: 4300000, guid: ff5bb9aade0358949aa9df2c720f4a74, type: 3}
  m_Bones:
  - {fileID: 435310}
  - {fileID: 436540}
  - {fileID: 433228}
  - {fileID: 473758}
  - {fileID: 465754}
  - {fileID: 431862}
  - {fileID: 460392}
  - {fileID: 449382}
  - {fileID: 435984}
  - {fileID: 464682}
  - {fileID: 409944}
  - {fileID: 455154}
  m_BlendShapeWeights: []
  m_RootBone: {fileID: 435310}
  m_AABB:
    m_Center: {x: -0.1002889, y: -0.08489457, z: -0.0051297545}
    m_Extent: {x: 0.3653296, y: 0.39001176, z: 0.5293692}
  m_DirtyAABB: 0
--- !u!1001 &100100000
Prefab:
  m_ObjectHideFlags: 1
  serializedVersion: 2
  m_Modification:
    m_TransformParent: {fileID: 0}
    m_Modifications: []
    m_RemovedComponents: []
  m_ParentPrefab: {fileID: 0}
  m_RootGameObject: {fileID: 187366}
  m_IsPrefabParent: 1
